@BOOK{fs,
author    = "Thor I. Fossen",
    title     = "Marine Craft Hydrodynamics and Motion Control",
   publisher = "Wiley",
   edition  = "1th",
    year      = "2011"
}


@BOOK{
	regtek,
	author="Jens G. Balchen and Trond Andresen and Bjarne A. Foss",
	title="Reguleringsteknikk",
	publisher="{Department of Engineering Cybernetics}",
	edition="5th",
	year="2003"
}

@BOOK{
linsys,
	author="Chi-Tsong Chen",
	title="Linear System Theory and Design ",
	publisher="Oxford Series in Electrical and Computer Engineering",
	edition="3rd",
	year="1998"
}


@BOOK{antonelli1,
author    = "Gianluca Antonelli",
    title     = "Underwater Robots",
   publisher = "Springer",
   edition  = "2th",
    year      = "2006"
}


@INPROCEEDINGS{two_time_scale, 
author={Jinyun Kim and Wan Kyun Chung and Junku Yuh}, 
booktitle={Intelligent Robots and Systems, 2003. (IROS 2003). Proceedings. 2003 IEEE/RSJ International Conference on}, 
title={Dynamic analysis and two-time scale control for underwater vehicle-manipulator systems}, 
year={2003}, 
volume={1}, 
pages={577-582 vol.1} 
}


@INPROCEEDINGS{fs_micro_macro, 
author={Fossen, T.I.}, 
booktitle={Advanced Robotics, 1991. 'Robots in Unstructured Environments', 91 ICAR., Fifth International Conference on}, 
title={Adaptive macro-micro control of nonlinear underwater robotic systems}, 
year={1991}, 
pages={1569-1572 vol.2}, 
keywords={Lyapunov methods;adaptive control;marine systems;mobile robots;nonlinear control systems;position control;stability;Barbalat's Lyapunov-like lemma;adaptive macro-micro control;adaptive passivity-based control;end-effector;global stability;input uncertainty;nonlinear underwater robotic systems;position control;underwater vehicle;Adaptive control;Control systems;Equations;Manipulators;Motion control;Nonlinear control systems;Orbital robotics;Programmable control;Robot kinematics;Underwater vehicles}, 
doi={10.1109/ICAR.1991.240508},}

@INPROCEEDINGS{foss_schjolberg_modelling,
    author = {Ingrid Schjoelberg and Thor I. Fossen},
    title = {Modelling and Control of Underwater Vehicle-Manipulator Systems},
    booktitle = {in Proc. rd Conf. on Marine Craft maneuvering and control},
    year = {1994},
    pages = {45--57}
}


@INPROCEEDINGS{redundancy_res_restoring_forces, 
author={Jonghui Han and Wan Kyun Chung}, 
booktitle={Intelligent Robots and Systems, 2007. IROS 2007. IEEE/RSJ International Conference on}, 
title={Redundancy resolution for underwater vehicle-manipulator systems with minimizing restoring moments}, 
year={2007}, 
pages={3522-3527}, 
keywords={gradient methods;matrix inversion;redundant manipulators;robot kinematics;underwater vehicles;buoyancy forces;degrees of freedom;energy consumption;gradient projection method;gravity forces;inverse kinematics;performance index;redundancy resolution;restoring moments;underwater vehicle-manipulator systems;weighted pseudo-inverse matrixes;Acceleration;Energy consumption;Energy resolution;Gravity;Intelligent robots;Kinematics;Manipulator dynamics;Optimization methods;USA Councils;Underwater vehicles}, 
doi={10.1109/IROS.2007.4399292},}

@book{spong2005robot,
  title={Robot Modeling and Control},
  author={Spong, M.W. and Hutchinson, S.},
  isbn={9780471649908},
  lccn={2005054227},
  url={http://books.google.no/books?id=wGapQAAACAAJ},
  year={2005},
  publisher={Wiley}
}


@book{kristin_jant,
  title={Vehicle-manipulator Systems},
  author={From, P. J., Gravdahl, J. T and Pettersen, K. Y},
  year={2013},
  publisher={Springer}
}


@ARTICLE{spatial_imp, 
author={Fasse, E.D. and Broenink, J.F.}, 
journal={Robotics and Automation, IEEE Transactions on}, 
title={A spatial impedance controller for robotic manipulation}, 
year={1997}, 
volume={13}, 
number={4}, 
pages={546-556}, 
keywords={compliance control;damping;manipulator dynamics;manipulator kinematics;matrix algebra;mechanical variables control;motion control;vibration control;compliance control;damping;dynamics;kinematics;manipulators;object configurations;robots;spatial impedance controller;stiffness control;Aerodynamics;Damping;Human robot interaction;Impedance;Laboratories;Manipulator dynamics;Motion control;Robot control;Robot kinematics;Robust control}, 
doi={10.1109/70.611315}, 
ISSN={1042-296X},}


@INPROCEEDINGS{unified_force_control, 
author={Yong Cui and Sarkar, N.}, 
booktitle={Robotics and Automation, 2000. Proceedings. ICRA '00. IEEE International Conference on}, 
title={A unified force control approach to autonomous underwater manipulation}, 
year={2000}, 
volume={2}, 
pages={1263-1268 vol.2}, 
keywords={force control;fuzzy control;hydrodynamics;manipulator dynamics;position control;underwater vehicles;autonomous underwater manipulator;dynamic model;force control;fuzzy switching;hydrodynamics;impedance control;position control;underwater robotics;underwater vehicle;Control systems;Force control;Hydrodynamics;Impedance;Manipulator dynamics;Motion control;Robots;Uncertainty;Underwater vehicles;Vehicle dynamics}, 
doi={10.1109/ROBOT.2000.844772}, 
ISSN={1050-4729},}


@INPROCEEDINGS{impedance_stability, 
author={Lawrence, D.A.}, 
booktitle={Robotics and Automation, 1988. Proceedings., 1988 IEEE International Conference on}, 
title={Impedance control stability properties in common implementations}, 
year={1988}, 
pages={1185-1190 vol.2}, 
keywords={force control;position control;robots;stability;control implementation;force control;impedance control;manipulator dynamics;position control;robots;stability;Communication system control;Damping;Delay effects;End effectors;Error correction;Force control;Impedance;Manipulator dynamics;Robust stability;Torque control}, 
doi={10.1109/ROBOT.1988.12222},}


@INPROCEEDINGS{impedance_control_uvms, 
author={Yong Cui and Podder, T.K. and Sarkar, N.}, 
booktitle={Intelligent Robots and Systems, 1999. IROS '99. Proceedings. 1999 IEEE/RSJ International Conference on}, 
title={Impedance control of underwater vehicle-manipulator systems (UVMS)}, 
year={1999}, 
volume={1}, 
pages={148-153 vol.1}, 
keywords={digital simulation;force control;manipulator dynamics;mobile robots;underwater vehicles;dynamic model;hydrodynamic effects;impedance control scheme;quasi-Langrange method;robotic arm;six degree-of-freedom autonomous underwater vehicle;underwater vehicle-manipulator systems;Control systems;Force control;Hydrodynamics;Impedance;Manipulator dynamics;Remotely operated vehicles;Robots;Underwater cables;Underwater vehicles;Vehicle dynamics}, 
doi={10.1109/IROS.1999.812996},}


@inproceedings{lawrence1988impedance,
  title={Impedance control stability properties in common implementations},
  author={Lawrence, Dale A},
  booktitle={Robotics and Automation, 1988. Proceedings., 1988 IEEE International Conference on},
  pages={1185--1190},
  year={1988},
  organization={IEEE}
}


@inproceedings{	task_prio_dynamic_prog,
		author="Simetti, E. and Casalino, G. and Torelli, S. and Sperinde, A. and Turetta, A.",
		title="Experimental Results on Task Priority and Dynamic Programming Based Approach to Underwater Floating Manipulation",
		booktitle="OCEANS 2013",
		year="2013",
		month="June"
}


@inproceedings{	trident1,
		author="Sanz, J. P. and Ridao, P. and Oliver, G. and Melchiorri, C. and Casalino, C. and Silvestre, C. and Petillot, Y. and Turetta, A.",
		title="TRIDENT: A Framework for Autonomous Underwater Intervention Missions with Dexterous Manipulation Capabilities",
		booktitle="IFAC Intelligent Autonomous Vehicles (IAV 2010)",
		year="2010",
		month="September"
}


@inproceedings{	trident_1,
		author="Casalino, G. and Zereik, E. and Simetti, E. and Torelli, S. and Sperinde, A. and Turetta, A.",
		title="Agility for Underwater Floating Manipulation Task and Subsystem Priority based Control Strategy",
		booktitle="International Conference on Intelligent Robots and Systems (IROS 2012)",
		year="2012",
		month="September"
}


@article{Liegeois1977,
  added-at = {2012-03-17T12:08:41.000+0100},
  author = {Liegeois, A.},
  biburl = {http://www.bibsonomy.org/bibtex/2a0a7d0337b61ca403e12b83520ae5afd/beaelp},
  interhash = {d5332cab88e360700794a30afa4825da},
  intrahash = {a0a7d0337b61ca403e12b83520ae5afd},
  journal = {IEEE Trans. Systems, Man, and Cybernetics},
  keywords = {imported},
  number = 12,
  pages = {842-868},
  timestamp = {2012-03-17T12:08:41.000+0100},
  title = {Automatic Supervisory Control of the Configuration and Behavior of Multibody Mechanisms},
  volume = 7,
  year = 1977
}

@BOOK{
         Nocedal2006NO,
       edition = "2nd",
       remark = "Section 8.2 gives a short introduction to automatic differentiation",
       author = "J. Nocedal and S. J. Wright",
       title = "Numerical Optimization",
       publisher = "Springer",
       year = "2006",
       address = "New York",
       ad_theotech = "General"
}

@INPROCEEDINGS{5723588, 
author={Yu Liu and Jing Zhao and Biyun Xie}, 
booktitle={Robotics and Biomimetics (ROBIO), 2010 IEEE International Conference on}, 
title={Obstacle avoidance for redundant manipulators based on a Novel Gradient Projection Method with a functional scalar}, 
year={2010}, 
pages={1704-1709}, 
keywords={collision avoidance;gradient methods;manipulators;fixed scalar algorithm;functional scalar;joint velocity;novel gradient projection method;obstacle avoidance;optimization problem;redundant manipulators;vision-based system;Joints;Manipulators;Optimization;Oscillators;Robustness;Trajectory}, 
doi={10.1109/ROBIO.2010.5723588},}
